@inproceedings{Xiang2010,
author = {Xiang, Yun and Chantem, Thidapat and Dick, Robert P. and Hu, X. Sharon and Shang, Li},
booktitle = {Proceedings of the eighth IEEE/ACM/IFIP international conference on Hardware/software codesign and system synthesis},
pages = {297},
title = {{System-level reliability modeling for MPSoCs}},
year = {2010}
}
@phdthesis{Bersentes2017,
author = {Bersentes, Lampros},
school = {Technische Universit{\"{a}}t M{\"{u}}nchen},
title = {{Evaluation of a realtime system towards SF3P / Litmus RT and Real-Time Temperature Analysis}},
year = {2017}
}
@inproceedings{Skadron,
author = {Skadron, K. and Stan, M.R. and Huang, W. and {Sivakumar Velusamy} and {Karthik Sankaranarayanan} and Tarjan, D.},
booktitle = {30th Annual International Symposium on Computer Architecture. Proceedings.},
pages = {2--13},
title = {{Temperature-aware microarchitecture}},
year = {2003}
}
@misc{Cheng1987,
author = {Cheng, Sheng and Stankovic, John A. and Ramamritham, Krithivasan},
title = {{Scheduling Algorithms for Hard Real-Time Systems--A Brief Survey}},
year = {1987}
}
@misc{Brodowski,
author = {Brodowski, Dominik and Golde, Nico and Wysocki, Rafael J. and Kumar, Viresh},
title = {{Linux CPUFreq}, \newline https://www.kernel.org/doc/Documentation/cpu-freq/governors.txt}
}
@inproceedings{Dhiman2007,
author = {Dhiman, Gaurav and Rosing, Tajana Simunic},
booktitle = {Proceedings of the international symposium on Low power electronics and design},
pages = {207--212},
title = {{Dynamic voltage frequency scaling for multi-tasking systems using online learning}},
year = {2007}
}
@misc{LeSueur2010,
author = {{Le Sueur}, Etienne and Heiser, Gernot},
booktitle = {Proceedings of the international conference on Power aware computing and systems},
pages = {1--8},
title = {{Dynamic voltage and frequency scaling: the laws of diminishing returns}},
year = {2010}
}
@inproceedings{Chen2009,
author = {Chen, Jian-Jia and Wang, Shengquan and Thiele, Lothar},
booktitle = {15th IEEE Real-Time and Embedded Technology and Applications Symposium},
pages = {141--150},
title = {{Proactive Speed Scheduling for Real-Time Tasks under Thermal Constraints}},
year = {2009}
}
@inproceedings{Chantem2009,
author = {Chantem, Thidapat and Hu, X. Sharon and Dick, Robert P.},
booktitle = {Proceedings of the 14th ACM/IEEE international symposium on Low power electronics and design},
pages = {105},
title = {{Online work maximization under a peak temperature constraint}},
year = {2009}
}
@inproceedings{SushuZhang2007,
author = {{Sushu Zhang} and Chatha, Karam S.},
booktitle = {IEEE/ACM International Conference on Computer-Aided Design},
pages = {281--288},
title = {{Approximation algorithm for the temperature-aware scheduling problem}},
year = {2007}
}
@inproceedings{Pallipadi2006,
author = {Pallipadi, Venkatesh and Starikovskiy, Alexey},
booktitle = {Proceedings of Linux Symposium},
pages = {223--238},
title = {{The Ondemand Governor Past, Present, and Future}},
year = {2006}
}
@inproceedings{Cheng2015,
author = {Cheng, Long and Huang, Kai and Chen, Gang and Hu, Biao and Knoll, Alois},
booktitle = {Industrial Embedded Systems (SIES), 10th IEEE International Symposium on},
pages = {1--10},
title = {{Periodic thermal management for hard real-time systems}},
year = {2015}
}
@inproceedings{ACMSpecialInterestGrouponDesignAutomation.2011,
author = {Pratyush, Kumar and Thiele, Lothar},
booktitle = {Design Automation Conference (DAC)},
pages = {468--473},
title = {{Cool shapers: Shaping real-time tasks for improved thermal guarantees}},
year = {2011}
}
@inproceedings{Meisner,
author = {Meisner, David and Gold, Brian T and Wenisch, Thomas F},
booktitle = {ASPLOS XIV Proceedings of the 14th international conference on Architectural support for programming languages and operating systems},
pages = {205--216},
title = {{PowerNap: Eliminating Server Idle Power}},
year = {2009}
}
@article{Ahmed2011,
author = {Ahmed, Masud and Fisher, Nathan and Wang, Shengquan and Hettiarachchi, Pradeep},
journal = {Sustainable Computing: Informatics and Systems},
pages = {226--240},
title = {{Minimizing peak temperature in embedded real-time systems via thermal-aware periodic resources}},
year = {2011}
}
@inproceedings{Kumar2011,
author = {Kumar, Pratyush and Thiele, Lothar},
booktitle = {Proceedings of the Asia and South Pacific Design Automation Conference},
pages = {123--128},
title = {{Thermally optimal stop-go scheduling of task graphs with real-time constraints}},
year = {2011}
}
@inproceedings{Srinivasan2004,
author = {Srinivasan, J. and Adve, S.V. and Bose, P. and Rivers, J.A.},
booktitle = {International Conference on Dependable Systems and Networks},
pages = {177--186},
title = {{The impact of technology scaling on lifetime reliability}},
year = {2004}
}
@article{Mutapcic2009,
author = {Mutapcic, Almir and Boyd, Stephen and Murali, Srinivasan and Atienza, David and {De Micheli}, Giovanni and Gupta, Rajesh},
journal = {IEEE Transactions on Circuits and Systems I: Regular Papers},
pages = {1994 -- 2008},
title = {{Processor Speed Control With Thermal Constraints}},
year = {2009}
}
@article{Theis2017,
author = {Theis, Thomas N. and Wong, H.-S. Philip},
journal = {Computing in Science {\&} Engineering},
pages = {41--50},
title = {{The End of Moore's Law: A New Beginning for Information Technology}},
year = {2017}
}
@inproceedings{Moore,
author = {Moore, Gordon E},
booktitle = {Electron Devices Meeting, International},
pages = {11--13},
title = {{Progress in digital integrated electronics}},
year = {1975}
}
@article{Moore1965,
author = {Moore, Gordon E},
journal = {Electronics},
pages = {114--117},
title = {{Cramming More Components onto Integrated Circuits}},
year = {1965}
}
@article{Mack2015,
author = {Mack, Chris},
journal = {IEEE Spectrum},
pages = {31--31},
title = {{The Multiple Lives of Moore's Law}},
year = {2015}
}
@inproceedings{Brooks,
author = {Brooks, D. and Martonosi, M.},
booktitle = {Proceedings HPCA Seventh International Symposium on High-Performance Computer Architecture},
pages = {171--182},
title = {{Dynamic thermal management for high-performance microprocessors}},
year = {2001}
}
@article{Baruah,
author = {Baruah, Sanjoy K and Mok, Aloysius K and Rosier, Louis E},
journal = {Real-Time Systems Symposium. 11th Proceedings},
pages = {182--190},
title = {{Preemptively Scheduling Hard-Real-Time Sporadic Tasks on One Processor}},
year = {1990}
}
@misc{Robingroppe2016,
author = {Robingroppe},
title = {{GitHub raspberrypi/linux RPi3 Frequency Scaling issue {\#}1335} \newline https://github.com/raspberrypi/linux/issues/1335},
year = {2016}
}
@misc{vcmailbox,
title = {{Mailbox property interface} \newline https://github.com/raspberrypi/firmware/wiki/Mailbox-property-interface},
year = {2017}
}
@misc{vcgencmd,
title = {{VideoCore Tools}, \newline https://github.com/nezticle/RaspberryPi-BuildRoot/wiki/VideoCore-Tools},
year = {2014}
}
@misc{intel_formula,
title = {{Enhanced Intel {\textregistered} SpeedStep {\textregistered} Technology for the Intel {\textregistered} Pentium {\textregistered} M Processor}, \newline http://download.intel.com/design/network/papers/30117401.pdf},
year = {2004}
}
@article{Holland1992,
author = {Holland, John H.},
journal = {SCIENTIFIC AMERICAN},
title = {{Genetic Algorithms}},
year = {1992}
}
@article{Kumar2010,
author = {Kumar, Manoj and Husian, Mohammad and Upreti, Naveen and Gupta, Deepti},
journal = {International Journal of Information Technology and Knowledge Management},
pages = {451--454},
title = {{GENETIC ALGORITHM: REVIEW AND APPLICATION}},
year = {2010}
}
@inproceedings{Semeraro,
author = {Semeraro, G. and Magklis, G. and Balasubramonian, R. and Albonesi, D.H. and Dwarkadas, S. and Scott, M.L.},
booktitle = {Proceedings Eighth International Symposium on High Performance Computer Architecture},
pages = {29--40},
title = {{Energy-efficient processor design using multiple clock domains with dynamic voltage and frequency scaling}}
}
@inproceedings{Chaturvedi2010,
author = {Chaturvedi, Vivek and Huang, Huang and Quan, Gang},
booktitle = {10th IEEE International Conference on Computer and Information Technology},
pages = {1802--1809},
title = {{Leakage Aware Scheduling on Maximum Temperature Minimization for Periodic Hard Real-Time Systems}},
year = {2010}
}
@article{Mohaqeqi2014,
author = {Mohaqeqi, Morteza and Kargahi, Mehdi and Movaghar, Ali},
journal = {IEEE Transactions on Computers},
pages = {1378--1392},
title = {{Analytical Leakage-Aware Thermal Modeling of a Real-Time System}},
year = {2014}
}
@misc{Zhou2017,
author = {Zhou, Mingchuan},
pages = {1--6},
title = {{Minimizing Peak Temperature for Hard Real-time Systems Based on Combinatorial Optimization}},
year = {2017}
}